<record><leader>00000cas a22000007a 4500</leader><controlfield tag="001">17539578</controlfield><controlfield tag="008">880225d19771982paudn ne      0    0eng d</controlfield><datafield ind1=" " ind2=" " tag="010"><subfield code="a">sn 88079406 </subfield></datafield><datafield ind1=" " ind2=" " tag="040"><subfield code="a">NPH</subfield><subfield code="b">eng</subfield><subfield code="c">NPH</subfield><subfield code="d">OCLCQ</subfield></datafield><datafield ind1=" " ind2=" " tag="042"><subfield code="a">msc</subfield></datafield><datafield ind1="0" ind2=" " tag="130"><subfield code="a">Today's post (King of Prussia, Pa. : Upper Main Line/Chester County ed.)</subfield></datafield><datafield ind1="1" ind2="0" tag="245"><subfield code="a">Today's post.</subfield></datafield><datafield ind1=" " ind2=" " tag="250"><subfield code="a">Upper Main Line/Chester County ed.</subfield></datafield><datafield ind1=" " ind2=" " tag="260"><subfield code="a">King of Prussia, Pa. :</subfield><subfield code="b">Montgomery Pub. Co.,</subfield><subfield code="c">1977-1982.</subfield></datafield><datafield ind1=" " ind2=" " tag="300"><subfield code="a">v.</subfield></datafield><datafield ind1=" " ind2=" " tag="310"><subfield code="a">Daily (except Sat. and Sun.)</subfield></datafield><datafield ind1="0" ind2=" " tag="362"><subfield code="a">Feb. 21, 1977-Feb. 17, 1982.</subfield></datafield><datafield ind1=" " ind2=" " tag="515"><subfield code="a">Issues for &lt;Feb. 21, 1977-&gt; called also &lt;v. 7, no. 9-&gt;.</subfield></datafield><datafield ind1=" " ind2=" " tag="752"><subfield code="a">United States</subfield><subfield code="b">Pennsylvania</subfield><subfield code="c">Montgomery</subfield><subfield code="d">King of Prussia.</subfield></datafield><datafield ind1=" " ind2=" " tag="752"><subfield code="a">United States</subfield><subfield code="b">Pennsylvania</subfield><subfield code="c">Chester.</subfield></datafield><datafield ind1="0" ind2=" " tag="775"><subfield code="t">Today's post (King of Prussia, Pa. : Montgomery ed.)</subfield><subfield code="w">(DLC)sn 88079400</subfield></datafield><datafield ind1="0" ind2="4" tag="780"><subfield code="t">Today's post (King of Prussia, Pa. : Radnor/Upper Main Line ed.)</subfield><subfield code="w">(DLC)sn 88079404</subfield></datafield><datafield ind1="0" ind2="4" tag="780"><subfield code="t">Today's post (King of Prussia, Pa. : Chester County ed.)</subfield><subfield code="w">(DLC)sn 88079405</subfield></datafield><datafield ind1="0" ind2="0" tag="785"><subfield code="t">Today's post (King of Prussia, Pa. : Upper Main Line ed. : 1982)</subfield><subfield code="w">(DLC)sn 88079407</subfield></datafield></record>